<record><leader>00000cas a22000007a 4500</leader><controlfield tag="001">28838360</controlfield><controlfield tag="008">930917d19901996ctumr ne      0    0eng d</controlfield><datafield ind1=" " ind2=" " tag="010"><subfield code="a">sn 93054096 </subfield></datafield><datafield ind1=" " ind2=" " tag="040"><subfield code="a">CNW</subfield><subfield code="b">eng</subfield><subfield code="c">CNW</subfield><subfield code="d">OCLCQ</subfield><subfield code="d">OCLCF</subfield><subfield code="d">OCLCO</subfield></datafield><datafield ind1="1" ind2=" " tag="029"><subfield code="a">AU@</subfield><subfield code="b">000025908436</subfield></datafield><datafield ind1=" " ind2=" " tag="042"><subfield code="a">msc</subfield></datafield><datafield ind1=" " ind2=" " tag="043"><subfield code="a">n-us-ct</subfield></datafield><datafield ind1="0" ind2=" " tag="130"><subfield code="a">Burlington post (Burlington, Conn.)</subfield></datafield><datafield ind1="1" ind2="4" tag="245"><subfield code="a">The Burlington post.</subfield></datafield><datafield ind1=" " ind2=" " tag="260"><subfield code="a">Burlington, CT :</subfield><subfield code="b">LuAnn Reid</subfield></datafield><datafield ind1=" " ind2=" " tag="300"><subfield code="a">v.</subfield></datafield><datafield ind1=" " ind2=" " tag="310"><subfield code="a">Monthly</subfield></datafield><datafield ind1="0" ind2=" " tag="362"><subfield code="a">Premier issue (Aug. 1990) ; vol. 1, no. 2 (Sept. 1990)-v.7, no. 3 (Mar. 1996).</subfield></datafield><datafield ind1=" " ind2=" " tag="500"><subfield code="a">Published in Unionville, CT, &lt;Feb. 1994&gt;-1996.</subfield></datafield><datafield ind1=" " ind2=" " tag="580"><subfield code="a">Other ed. available: Harwinton post, 1991-1992.</subfield></datafield><datafield ind1=" " ind2="0" tag="651"><subfield code="a">Burlington (Conn. : Town)</subfield><subfield code="v">Newspapers.</subfield></datafield><datafield ind1=" " ind2="7" tag="655"><subfield code="a">Newspapers.</subfield><subfield code="2">fast</subfield><subfield code="0">(OCoLC)fst01423814</subfield></datafield><datafield ind1=" " ind2="7" tag="651"><subfield code="a">Connecticut</subfield><subfield code="z">Burlington (Town)</subfield><subfield code="2">fast</subfield><subfield code="0">(OCoLC)fst01330818</subfield></datafield><datafield ind1=" " ind2=" " tag="752"><subfield code="a">United States</subfield><subfield code="b">Connecticut</subfield><subfield code="c">Hartford</subfield><subfield code="d">Unionville.</subfield></datafield><datafield ind1="1" ind2=" " tag="775"><subfield code="t">Harwinton post</subfield><subfield code="w">(DLC)sn 94053210</subfield></datafield><datafield ind1="0" ind2="0" tag="785"><subfield code="t">Post (Unionville, Conn.)</subfield><subfield code="w">(DLC)sn 96066481</subfield><subfield code="w">(OCoLC)35095368</subfield></datafield></record>